 @misc{
 ibm, 
 title={CPU Throttling},
 journal={IBM Tivoli Monitoring, Version 6.3},
 author={IBM Corporation}, 
 year={2012},
 note = {Last accessed 24 September 2021, \texttt{https://www.ibm.com/docs/en}},
 url={https://www.ibm.com/docs/en/tivoli-monitoring/6.3.0?topic=configuration-cpu-throttling},
 }